@inproceedings{quattoni2009recognizing,
  title        = {Recognizing indoor scenes},
  author       = {Quattoni, Ariadna and Torralba, Antonio},
  booktitle    = {2009 IEEE conference on computer vision and pattern recognition},
  pages        = {413--420},
  year         = {2009},
  organization = {IEEE}
}

@data{DVN/M8JQCR_2021,
  author    = {Xiao, Haixia},
  publisher = {Harvard Dataverse},
  title     = {{Weather phenomenon database (WEAPD)}},
  year      = {2021},
  version   = {V1},
  doi       = {10.7910/DVN/M8JQCR},
  url       = {https://doi.org/10.7910/DVN/M8JQCR}
}

@online{cenkbircanoglu2017comicbooksimages,
  author       = {Cenk BircanoÄŸlu},
  title        = {Comic Books Images},
  year         = {2017},
  howpublished = {\url{https://www.kaggle.com/datasets/cenkbircanoglu/comic-books-classification}},
  note         = {Accessed: 2022-12-10}
}

@inproceedings{radford2021learning,
  title        = {Learning transferable visual models from natural language supervision},
  author       = {Radford, Alec and Kim, Jong Wook and Hallacy, Chris and Ramesh, Aditya and Goh, Gabriel and Agarwal, Sandhini and Sastry, Girish and Askell, Amanda and Mishkin, Pamela and Clark, Jack and others},
  booktitle    = {International Conference on Machine Learning},
  pages        = {8748--8763},
  year         = {2021},
  organization = {PMLR}
}

@inproceedings{rombach2022high,
  title     = {High-resolution image synthesis with latent diffusion models},
  author    = {Rombach, Robin and Blattmann, Andreas and Lorenz, Dominik and Esser, Patrick and Ommer, Bj{\"o}rn},
  booktitle = {Proceedings of the IEEE/CVF Conference on Computer Vision and Pattern Recognition},
  pages     = {10684--10695},
  year      = {2022}
}

@article{ramesh2022hierarchical,
  title   = {Hierarchical text-conditional image generation with clip latents},
  author  = {Ramesh, Aditya and Dhariwal, Prafulla and Nichol, Alex and Chu, Casey and Chen, Mark},
  journal = {arXiv preprint arXiv:2204.06125},
  year    = {2022}
}

@inproceedings{oppenlaender2022creativity,
  title     = {The Creativity of Text-to-Image Generation},
  author    = {Oppenlaender, Jonas},
  booktitle = {25th International Academic Mindtrek conference},
  pages     = {192--202},
  year      = {2022}
}
